@inproceedings{byrne2021mpi,
  title={{MPI}.jl: {J}ulia bindings for the {M}essage {P}assing {I}nterface},
  author={Byrne, Simon and Wilcox, Lucas C and Churavy, Valentin},
  booktitle={Proceedings of the JuliaCon Conferences},
  volume={1},
  pages={68},
  year={2021},
  doi={10.21105/jcon.00068},
  note={\url{https://github.com/JuliaParallel/MPI.jl}}
}
